<record><leader>00000cas a22000007a 4500</leader><controlfield tag="001">13730660</controlfield><controlfield tag="008">860613d19221930inudn ne      0    0eng d</controlfield><datafield ind1=" " ind2=" " tag="010"><subfield code="a">sn 86058600 </subfield></datafield><datafield ind1=" " ind2=" " tag="040"><subfield code="a">NPI</subfield><subfield code="b">eng</subfield><subfield code="c">NPI</subfield><subfield code="d">OCL</subfield><subfield code="d">NPI</subfield><subfield code="d">OCLCQ</subfield></datafield><datafield ind1=" " ind2=" " tag="019"><subfield code="a">13730664</subfield></datafield><datafield ind1=" " ind2=" " tag="042"><subfield code="a">msc</subfield></datafield><datafield ind1="0" ind2=" " tag="130"><subfield code="a">New Castle times (New Castle, Ind. : 1922)</subfield></datafield><datafield ind1="1" ind2="4" tag="245"><subfield code="a">The New Castle times.</subfield></datafield><datafield ind1="3" ind2="0" tag="246"><subfield code="a">Sunday times</subfield></datafield><datafield ind1=" " ind2=" " tag="260"><subfield code="a">New Castle, Ind. :</subfield><subfield code="b">Times Pub. Co.,</subfield><subfield code="c">-1930.</subfield></datafield><datafield ind1=" " ind2=" " tag="300"><subfield code="a">v. :</subfield><subfield code="b">ill. ;</subfield><subfield code="c">57 cm.</subfield></datafield><datafield ind1=" " ind2=" " tag="310"><subfield code="a">Daily (except Sun.)</subfield></datafield><datafield ind1="1" ind2=" " tag="362"><subfield code="a">Began Mar. 1922.</subfield></datafield><datafield ind1="0" ind2=" " tag="362"><subfield code="a">-v. 53, no. 157 (July 2, 1930).</subfield></datafield><datafield ind1=" " ind2=" " tag="500"><subfield code="a">On Sunday published as: Sunday times, Apr. 8, 1923-</subfield></datafield><datafield ind1=" " ind2=" " tag="500"><subfield code="a">Democratic.</subfield></datafield><datafield ind1=" " ind2=" " tag="580"><subfield code="a">Issued also in a weekly edition called: New Castle Democrat (New Castle, Ind.).</subfield></datafield><datafield ind1=" " ind2=" " tag="588"><subfield code="a">Description based on: Vol. 15, no. 76 (Mar. 30, 1922).</subfield></datafield><datafield ind1=" " ind2=" " tag="752"><subfield code="a">United States</subfield><subfield code="b">Indiana</subfield><subfield code="c">Henry</subfield><subfield code="d">New Castle.</subfield></datafield><datafield ind1="1" ind2=" " tag="775"><subfield code="t">New Castle Democrat (New Castle, Ind.)</subfield><subfield code="w">(DLC)sn 86058619</subfield></datafield><datafield ind1="0" ind2="0" tag="780"><subfield code="t">New Castle daily times (New Castle, Ind.)</subfield><subfield code="w">(DLC)sn 86058601</subfield></datafield><datafield ind1="0" ind2="7" tag="785"><subfield code="t">Newcastle courier (New Castle, Ind. : 1919)</subfield><subfield code="w">(DLC)sn 86058598</subfield></datafield><datafield ind1="0" ind2="7" tag="785"><subfield code="t">New Castle courier-times</subfield><subfield code="w">(DLC)sn 86058006</subfield></datafield><datafield ind1="1" ind2=" " tag="029"><subfield code="a">AU@</subfield><subfield code="b">000025804405</subfield></datafield></record>